<record><leader>00000cas a22000007a 4500</leader><controlfield tag="001">11684226</controlfield><controlfield tag="008">850212d1875187unjuwr ne      0    0eng d</controlfield><datafield ind1=" " ind2=" " tag="010"><subfield code="a">sn 85025357 </subfield></datafield><datafield ind1=" " ind2=" " tag="040"><subfield code="a">NPX</subfield><subfield code="b">eng</subfield><subfield code="c">NPX</subfield><subfield code="d">OCLCQ</subfield></datafield><datafield ind1=" " ind2=" " tag="042"><subfield code="a">msc</subfield></datafield><datafield ind1="0" ind2="0" tag="245"><subfield code="a">New Jersey farmer and artisan.</subfield></datafield><datafield ind1=" " ind2=" " tag="260"><subfield code="a">Vineland, N.J. :</subfield><subfield code="b">E.A. Teall</subfield></datafield><datafield ind1=" " ind2=" " tag="300"><subfield code="a">v.</subfield></datafield><datafield ind1=" " ind2=" " tag="310"><subfield code="a">Weekly</subfield></datafield><datafield ind1="1" ind2=" " tag="362"><subfield code="a">Began with Aug. 3, 1875 issue.</subfield><subfield code="z">Cf. Direct. of N.J. newspapers, 1765-1970.</subfield></datafield><datafield ind1=" " ind2=" " tag="500"><subfield code="a">Editor: William Roberts, &lt;1875&gt;.</subfield></datafield><datafield ind1=" " ind2=" " tag="588"><subfield code="a">Description based on: Vol. 1, no. 3 (Aug. 17, 1875).</subfield></datafield><datafield ind1=" " ind2=" " tag="752"><subfield code="a">United States</subfield><subfield code="b">New Jersey</subfield><subfield code="c">Cumberland</subfield><subfield code="d">Vineland.</subfield></datafield><datafield ind1="1" ind2=" " tag="029"><subfield code="a">AU@</subfield><subfield code="b">000025819529</subfield></datafield></record>